<?xml version="1.0" encoding="UTF-8"?><collection xmlns="http://www.loc.gov/MARC21/slim"><record><leader>00424nam--2200133-i-4500</leader><controlfield tag="001">000023273</controlfield><controlfield tag="002">20161230</controlfield><controlfield tag="005">20161230201034</controlfield><controlfield tag="008">060222s1000------------r-----000-0-eng-d</controlfield><datafield ind1=" " ind2=" " tag="100"><subfield code="a">Halle, M. Jean-claude</subfield></datafield><datafield ind1=" " ind2=" " tag="245"><subfield code="a">Proprietes physicochimiques des milieux mixtes eau-dimethylsulfoxyde</subfield></datafield><datafield ind1=" " ind2=" " tag="260"><subfield code="a">Correlation Entre Acidites Et Parametres R.M.N.De Devers Solutes</subfield></datafield><datafield ind1=" " ind2=" " tag="490"><subfield code="a">No.D`Enregistrement Au Cnrs:A.O</subfield></datafield><datafield ind1=" " ind2=" " tag="852"><subfield code="a">54:015</subfield></datafield></record></collection>